@article{abadie2003economic,
  title={The economic costs of conflict: A case study of the Basque Country},
  author={Abadie, Alberto and Gardeazabal, Javier},
  journal={American economic review},
  pages={113--132},
  year={2003},
  publisher={JSTOR}
}

@article{abadie2010synthetic,
  title={Synthetic control methods for comparative case studies: Estimating the effect of Californias tobacco control program},
  author={Abadie, Alberto and Diamond, Alexis and Hainmueller, Jens},
  journal={Journal of the American Statistical Association},
  volume={105},
  number={490},
  year={2010}
}

@article{bialkowski2008stock,
  title={Stock market volatility around national elections},
  author={Bialkowski, Jedrzej and Gottschalk, Katrin and Wisniewski, Tomasz Piotr},
  journal={Journal of Banking \& Finance},
  volume={32},
  number={9},
  pages={1941--1953},
  year={2008},
  publisher={Elsevier}
}

@article{pantzalis2000political,
  title={Political elections and the resolution of uncertainty: the international evidence},
  author={Pantzalis, Christos and Stangeland, David A and Turtle, Harry J},
  journal={Journal of banking \& finance},
  volume={24},
  number={10},
  pages={1575--1604},
  year={2000},
  publisher={Elsevier}
}

@article{schwert1990stock,
  title={Stock returns and real activity: A century of evidence},
  author={Schwert, G William},
  journal={The Journal of Finance},
  volume={45},
  number={4},
  pages={1237--1257},
  year={1990},
  publisher={Wiley Online Library}
}

@article{acemoglu2001inefficient,
  title={Inefficient redistribution},
  author={Acemoglu, D. and Robinson, J.A.},
  journal={American Political Science Review},
  volume={95},
  number={3},
  pages={649--662},
  year={2001},
  publisher={Cambridge Univ Press}
}

@article{acemoglu2004market,
  title={Market Size in Innovation: Theory and Evidence from the Pharmaceutical Industry},
  author={Acemoglu, D. and Linn, J.},
  journal={The Quarterly Journal of Economics},
  volume={119},
  number={3},
  pages={1049--1090},
  year={2004},
  publisher={MIT Press}
}

@article{acemoglu2006did,
  title={Did Medicare Induce Pharmaceutical Innovation?},
  author={Acemoglu, Daron and Cutler, David and Finkelstein, Amy and Linn, Joshua},
  journal={The American Economic Review},
  volume={96},
  number={2},
  pages={103--107},
  year={2006},
  publisher={JSTOR}
}

@article{acemoglu2008does,
  title={When Does Policy Reform Work?: The Case of Central Bank Independence},
  author={Acemoglu, D. and Johnson, S. and Querub{\'\i}n, P. and Robinson, J.A.},
  journal={Brookings Papers on Economic Activity},
  volume={2008},
  number={1},
  pages={351--418},
  year={2008},
  publisher={Brookings Institution Press}
}

@article{acemoglu2010theory,
  title={Theory, General Equilibrium, and Political Economy in Development Economics},
  author={Acemoglu, D.},
  journal={The Journal of Economic Perspectives},
  pages={17--32},
  year={2010},
  publisher={JSTOR}
}

@article{afendulis2011impact,
  title={The impact of Medicare Part D on hospitalization rates},
  author={Afendulis, Christopher C and He, Yulei and Zaslavsky, Alan M and Chernew, Michael E},
  journal={Health Services Research},
  volume={46},
  number={4},
  pages={1022--1038},
  year={2011},
  publisher={Wiley Online Library}
}

@article{aisen2013does,
  title={How does political instability affect economic growth?},
  author={Aisen, Ari and Veiga, Francisco Jos{\'e}},
  journal={European Journal of Political Economy},
  volume={29},
  pages={151--167},
  year={2013},
  publisher={Elsevier}
}

@article{al2010does,
  title={What Does Health Reform Mean for the Healthcare Industry? Evidence from the Massachusetts Special Senate Election},
  author={Al-Ississ, M. and Miller, N.H.},
  year={2010},
  institution={National Bureau of Economic Research}
}

@article{alesina1996political,
  title={Political instability and economic growth},
  author={Alesina, A. and {\"O}zler, S. and Roubini, N. and Swagel, P.},
  journal={Journal of Economic Growth},
  volume={1},
  number={2},
  pages={189--211},
  year={1996},
  publisher={Springer}
}

@article{alesina1996income,
  title={Income distribution, political instability, and investment},
  author={Alesina, A. and Perotti, R.},
  journal={European Economic Review},
  volume={40},
  number={6},
  pages={1203--1228},
  year={1996},
  publisher={Elsevier}
}

@article{altman1999case,
  title={The case of disability in the family: impact on health care utilization and expenditures for nondisabled members},
  author={Altman, B.M. and Cooper, P.F. and Cunningham, P.J.},
  journal={Milbank Quarterly},
  volume={77},
  number={1},
  pages={39--75},
  year={1999},
  publisher={Wiley Online Library}
}

@article{andersenmaking,
  title={Making the Resource Curse Disappear: A re-examination of Haber and Menaldos "Do Natural Resources Fuel Authoritarianism?"},
  author={Andersen, J.J. and Ross, M.L.}
}

@article{ansolabehere2003there,
  title={Why Is There So Little Money In US Elections?},
  author={Ansolabehere, S. and Snyder, J. and de Figueiredo, J.},
  year={2003},
  publisher={Journal of Economic Perspectives}
}

@article{arellano1987practitioners,
  title={PRACTITIONERS' CORNER: Computing Robust Standard Errors for Within-groups Estimators*},
  author={Arellano, M.},
  journal={Oxford bulletin of Economics and Statistics},
  volume={49},
  number={4},
  pages={431--434},
  year={1987},
  publisher={Wiley Online Library}
}

@article{arellano1991some,
  title={Some tests of specification for panel data: Monte Carlo evidence and an application to employment equations},
  author={Arellano, M. and Bond, S.},
  journal={The Review of Economic Studies},
  volume={58},
  number={2},
  pages={277},
  year={1991},
  publisher={Oxford University Press}
}

@article{bai2010common,
  title={Common breaks in means and variances for panel data},
  author={Bai, J.},
  journal={Journal of Econometrics},
  volume={157},
  number={1},
  pages={78--92},
  year={2010},
  publisher={Elsevier}
}

@article{baicker2006health,
  title={Health Savings Accounts: Implications for Health Spending},
  author={Baicker, K. and Dow, W. and Wolfson, J.},
  journal={National Tax Journal},
  volume={59},
  number={3},
  pages={463},
  year={2006},
  publisher={NTA-TIA NATIONAL TAX ASSOCIATION}
}

@article{baicker2007lowering,
  title={Lowering the barriers to consumer-directed health care: responding to concerns},
  author={Baicker, K. and Dow, W.H. and Wolfson, J.},
  journal={Health Affairs},
  volume={26},
  number={5},
  pages={1328--1332},
  year={2007},
  publisher={Health Affairs}
}

@article{baker2016measuring,
  title={Measuring economic policy uncertainty},
  author={Baker, Scott R and Bloom, Nicholas and Davis, Steven J},
  journal={The Quarterly Journal of Economics},
  volume={131},
  number={4},
  pages={1593--1636},
  year={2016},
  publisher={Oxford University Press}
}

@article{bialkowski2008stock,
  title={Stock market volatility around national elections},
  author={Bialkowski, Jkedrzej and Gottschalk, Katrin and Wisniewski, Tomasz Piotr},
  journal={Journal of Banking \& Finance},
  volume={32},
  number={9},
  pages={1941--1953},
  year={2008},
  publisher={Elsevier}
}

@article{banks2000buying,
  title={Buying supermajorities in finite legislatures},
  author={Banks, J.S.},
  journal={American Political Science Review},
  pages={677--681},
  year={2000},
  publisher={JSTOR}
}

@article{barnato2010survival,
  title={Is Survival Better at Hospitals With Higher},
  author={Barnato, A.E. and Chang, C.C.H. and Farrell, M.H. and Lave, J.R. and Roberts, M.S. and Angus, D.C.},
  journal={Medical care},
  volume={48},
  number={2},
  pages={125},
  year={2010}
}

@article{baron1982regulating,
  title={Regulating a monopolist with unknown costs},
  author={Baron, D.P. and Myerson, R.B.},
  journal={Econometrica: Journal of the Econometric Society},
  pages={911--930},
  year={1982},
  publisher={JSTOR}
}

@article{baron1989bargaining,
  title={Bargaining in legislatures},
  author={Baron, D.P. and Ferejohn, J.A.},
  journal={The American Political Science Review},
  pages={1181--1206},
  year={1989},
  publisher={JSTOR}
}

@article{baron1996dynamic,
  title={A dynamic theory of collective goods programs},
  author={Baron, D.P.},
  journal={American Political Science Review},
  pages={316--330},
  year={1996},
  publisher={JSTOR}
}

@article{barro1991economic,
  title={Economic growth in a cross section of countries},
  author={Barro, Robert J},
  journal={The quarterly journal of economics},
  volume={106},
  number={2},
  pages={407--443},
  year={1991},
  publisher={MIT Press}
}

@article{barro1996democracy,
  title={Democracy and growth},
  author={Barro, R.J.},
  journal={Journal of economic growth},
  volume={1},
  number={1},
  pages={1--27},
  year={1996},
  publisher={Springer}
}

@article{basu2010impact,
  title={Impact of Medicare Part D on Medicare--Medicaid Dual-Eligible Beneficiaries' Prescription Utilization and Expenditures},
  author={Basu, Anirban and Yin, Wesley and Alexander, G Caleb and Basu, A and Yin, W and Alexander, GC and others},
  journal={Health Services Research},
  volume={45},
  number={1},
  pages={133},
  year={2010},
  publisher={Health Research \& Educational Trust}
}

@article{ben2002life,
  title={A life course approach to chronic disease epidemiology: conceptual models, empirical challenges and interdisciplinary perspectives},
  author={Ben-Shlomo, Y. and Kuh, D.},
  journal={International journal of Epidemiology},
  volume={31},
  number={2},
  pages={285--293},
  year={2002},
  publisher={IEA}
}

@article{berk2001concentration,
  title={The concentration of health care expenditures, revisited},
  author={Berk, M.L. and Monheit, A.C.},
  journal={Health Affairs},
  volume={20},
  number={2},
  pages={9--18},
  year={2001},
  publisher={Health Affairs}
}

@article{bertrand2003managing,
  title={Managing with style: The effect of managers on firm policies},
  author={Bertrand, M. and Schoar, A.},
  journal={The Quarterly Journal of Economics},
  volume={118},
  number={4},
  pages={1169--1208},
  year={2003},
  publisher={Oxford University Press}
}

@article{berwick2008triple,
  title={The triple aim: care, health, and cost},
  author={Berwick, D.M. and Nolan, T.W. and Whittington, J.},
  journal={Health Affairs},
  volume={27},
  number={3},
  pages={759--769},
  year={2008},
  publisher={Health Affairs}
}

@article{blendon2006americans,
  title={Americans' views of health care costs, access, and quality},
  author={Blendon, R.J. and Brodie, M. and Benson, J.M. and Altman, D.E. and Buhr, T.},
  journal={Milbank Quarterly},
  volume={84},
  number={4},
  pages={623--657},
  year={2006},
  publisher={Wiley Online Library}
}

@article{bloche2007consumer,
  title={Consumer-directed health care and the disadvantaged},
  author={Bloche, M.G.},
  journal={Health Affairs},
  volume={26},
  number={5},
  pages={1315--1327},
  year={2007},
  publisher={Health Affairs}
}

@article{blumenthal2005privatization,
  title={Privatization and its discontents: The evolving Chinese health care system},
  author={Blumenthal, D. and Hsiao, W.},
  journal={New England Journal of Medicine},
  volume={353},
  number={11},
  pages={1165--1170},
  year={2005},
  publisher={Mass Medical Soc}
}

@article{blundell1998initial,
  title={Initial conditions and moment restrictions in dynamic panel data models},
  author={Blundell, R. and Bond, S.},
  journal={Journal of econometrics},
  volume={87},
  number={1},
  pages={115--143},
  year={1998},
  publisher={Elsevier}
}

@article{bolton1997breakup,
  title={The breakup of nations: a political economy analysis},
  author={Bolton, P. and Roland, G.},
  journal={The Quarterly Journal of Economics},
  volume={112},
  number={4},
  pages={1057--1090},
  year={1997},
  publisher={Oxford University Press}
}

@article{borck2007voting,
  title={Voting, inequality and redistribution},
  author={Borck, R.},
  journal={Journal of Economic Surveys},
  volume={21},
  number={1},
  pages={90--109},
  year={2007},
  publisher={Wiley Online Library}
}

@article{breyer2012health,
  title={Health Care Spending Risk, Health Insurance, and Payment to Health Plans},
  author={Breyer, F. and Bundorf, MK and Pauly, MV},
  journal={MV Pauly, TG McGuire, \& PP Barros, Handbook of health economics},
  volume={2},
  pages={691--762},
  year={2012}
}

@article{brook1983does,
  title={Does free care improve adults' health?},
  author={Brook, Robert H and Ware Jr, John E and Rogers, William H and Keeler, Emmett B and Davies, Allyson R and Donald, Cathy A and Goldberg, George A and Lohr, Kathleen N and Masthay, Patricia C and Newhouse, Joseph P},
  journal={New England Journal of Medicine},
  volume={309},
  number={23},
  pages={1426--1434},
  year={1983},
  publisher={Mass Medical Soc}
}

@article{brown1980measuring,
  title={Measuring security price performance},
  author={Brown, S.J. and Warner, J.B.},
  journal={Journal of financial Economics},
  volume={8},
  number={3},
  pages={205--258},
  year={1980},
  publisher={Elsevier}
}

@article{brown1985using,
  title={Using daily stock returns: The case of event studies},
  author={Brown, S.J. and Warner, J.B.},
  journal={Journal of financial economics},
  volume={14},
  number={1},
  pages={3--31},
  year={1985},
  publisher={Elsevier}
}

@article{buntin2006consumer,
  title={Consumer-directed health care: early evidence about effects on cost and quality},
  author={Buntin, M.B. and Damberg, C. and Haviland, A. and Kapur, K. and Lurie, N. and McDevitt, R. and Marquis, M.S.},
  journal={Health Affairs},
  volume={25},
  number={6},
  pages={w516--w530},
  year={2006},
  publisher={Health Affairs}
}

@article{campante2007inefficient,
  title={Inefficient lobbying, populism and oligarchy},
  author={Campante, F.R. and Ferreira, F.H.G.},
  journal={Journal of Public Economics},
  volume={91},
  number={5},
  pages={993--1021},
  year={2007},
  publisher={Elsevier}
}

@article{campante2011redistribution,
  title={Redistribution in a model of voting and campaign contributions},
  author={Campante, F.R.},
  journal={Journal of Public Economics},
  volume={95},
  number={7},
  pages={646--656},
  year={2011},
  publisher={Elsevier}
}

@book{campbell1997econometrics,
  title={The econometrics of financial markets},
  author={Campbell, J.Y. and Lo, A.W. and MacKinlay, A.C.},
  volume={1},
  year={1997},
  publisher={princeton University press Princeton, NJ}
}

@article{card2009does,
  title={Does Medicare save lives?},
  author={Card, David and Dobkin, Carlos and Maestas, Nicole},
  journal={The quarterly journal of economics},
  volume={124},
  number={2},
  pages={597--636},
  year={2009},
  publisher={Oxford University Press}
}

@article{carhart1997persistence,
  title={On persistence in mutual fund performance},
  author={Carhart, M.M.},
  journal={Journal of finance},
  pages={57--82},
  year={1997},
  publisher={JSTOR}
}

@article{carpenter2002groups,
  title={Groups, the media, agency waiting costs, and FDA drug approval},
  author={Carpenter, Daniel P},
  journal={American Journal of Political Science},
  pages={490--505},
  year={2002},
  publisher={JSTOR}
}

@article{carpenter2004protection,
  title={Protection without capture: Product approval by a politically responsive, learning regulator},
  author={Carpenter, Daniel P},
  journal={American Political Science Review},
  volume={98},
  number={4},
  pages={613--31},
  year={2004},
  publisher={Cambridge Univ Press}
}

@article{carpenter2008drug,
  title={Drug-review deadlines and safety problems},
  author={Carpenter, Daniel and Zucker, Evan James and Avorn, Jerry},
  journal={New England Journal of Medicine},
  volume={358},
  number={13},
  pages={1354--1361},
  year={2008},
  publisher={Mass Medical Soc}
}

@article{carpenter2012complications,
  title={The complications of controlling agency time discretion: FDA review deadlines and postmarket drug safety},
  author={Carpenter, Daniel and Chattopadhyay, Jacqueline and Moffitt, Susan and Nall, Clayton},
  journal={American journal of political science},
  volume={56},
  number={1},
  pages={98--114},
  year={2012},
  publisher={Wiley Online Library}
}

@article{chay2010medicare,
  title={Medicare, Hospital Utilization, and Mortality: Evidence from the Program's Origins},
  author={Chay, K and Kim, Daeho and Swaminathan, Shailender},
  journal={New Perspectives on Health and Health Care Policy: The Institute of Government and Public Affiars and the Federal Reserve Bank of Chicago},
  year={2010}
}

@article{chen2004effects,
  title={The effects of terrorism on global capital markets},
  author={Chen, A.H. and Siems, T.F.},
  journal={European Journal of Political Economy},
  volume={20},
  number={2},
  pages={349--366},
  year={2004},
  publisher={Elsevier}
}

@article{chernew2011health,
  title={Health care spending growth},
  author={Chernew, M.E. and Newhouse, J.P.},
  journal={Handbook of Health Economics},
  volume={2},
  pages={1},
  year={2011},
  publisher={North Holland}
}

@article{claessens2008political,
  title={Political connections and preferential access to finance: The role of campaign contributions},
  author={Claessens, S. and Feijen, E. and Laeven, L.},
  journal={Journal of Financial Economics},
  volume={88},
  number={3},
  pages={554--580},
  year={2008},
  publisher={Elsevier}
}

@article{cohen2012legislating,
  title={Legislating Stock Prices},
  author={Cohen, L. and Diether, K.B. and Malloy, C.},
  year={2012},
  institution={National Bureau of Economic Research}
}

@article{cohen2017global,
  title={Global liquidity: a selective review},
  author={Cohen, Benjamin H and Domanski, Dietrich and Fender, Ingo and Shin, Hyun Song},
  journal={Annual Review of Economics},
  volume={9},
  pages={587--612},
  year={2017},
  publisher={Annual Reviews}
}

@article{contoyannis2004dynamics,
  title={The dynamics of health in the British Household Panel Survey},
  author={Contoyannis, P. and Jones, A.M. and Rice, N.},
  journal={Journal of Applied Econometrics},
  volume={19},
  number={4},
  pages={473--503},
  year={2004},
  publisher={Wiley Online Library}
}

@article{currie1996health,
  title={Health insurance eligibility, utilization of medical care, and child health},
  author={Currie, Janet and Gruber, Jonathan},
  journal={The Quarterly Journal of Economics},
  volume={111},
  number={2},
  pages={431--466},
  year={1996},
  publisher={Oxford University Press}
}

@article{currie1996saving,
  title={Saving Babies: The Efficacy and Cost of Recent Changes in the Medicaid Eligibility of Pregnant Women},
  author={Currie, Janet and Gruber, Jonathan},
  journal={Journal of Political Economy},
  pages={1263--1296},
  year={1996},
  publisher={JSTOR}
}

@article{cutler2001technological,
  title={Is technological change in medicine worth it?},
  author={Cutler, D.M. and McClellan, M.},
  journal={Health affairs},
  volume={20},
  number={5},
  pages={11--29},
  year={2001},
  publisher={Health Affairs}
}

@article{cutler2002equality,
  title={Equality, efficiency, and market fundamentals: the dynamics of international medical-care reform},
  author={Cutler, D.M.},
  journal={Journal of Economic Literature},
  volume={40},
  number={3},
  pages={881--906},
  year={2002},
  publisher={American Economic Association}
}

@article{cutler2006value,
  title={The value of medical spending in the United States, 1960--2000},
  author={Cutler, D.M. and Rosen, A.B. and Vijan, S.},
  journal={New England Journal of Medicine},
  volume={355},
  number={9},
  pages={920--927},
  year={2006},
  publisher={Mass Medical Soc}
}

@article{cutler2006determinants,
  title={The Determinants of Mortality},
  author={Cutler, David and Deaton, Angus and Lleras-Muney, Adriana},
  journal={The Journal of Economic Perspectives},
  volume={20},
  number={3},
  pages={97--120},
  year={2006},
  publisher={American Economic Association}
}

@article{dal2006regulatory,
  title={Regulatory capture: a review},
  author={Dal B{\'o}, E.},
  journal={Oxford Review of Economic Policy},
  volume={22},
  number={2},
  pages={203--225},
  year={2006},
  publisher={Oxford Univ Press}
}

@article{deaton2002policy,
  title={Policy implications of the gradient of health and wealth},
  author={Deaton, Angus},
  journal={Health Affairs},
  volume={21},
  number={2},
  pages={13--30},
  year={2002},
  publisher={Health Affairs}
}

@article{de2006academic,
  title={Academic Earmarks and the Returns to Lobbying*},
  author={De Figueiredo, J.M. and Silverman, B.S.},
  journal={Journal of Law and Economics},
  volume={49},
  number={2},
  pages={597--625},
  year={2006},
  publisher={JSTOR}
}

@article{de2007does,
  title={Does private money buy public policy? campaign contributions and regulatory outcomes in telecommunications},
  author={de Figueiredo Jr, R.J.P. and Edwards, G.},
  journal={Journal of Economics \& Management Strategy},
  volume={16},
  number={3},
  pages={547--576},
  year={2007},
  publisher={Wiley Online Library}
}

@article{dellavigna2010detecting,
  title={Detecting Illegal Arms Trade},
  author={DellaVigna, S.D. and La Ferrara, E.},
  journal={American Economic Journal: Economic Policy},
  pages={26--57},
  year={2010},
  publisher={JSTOR}
}

@article{derpanopoulos2015coups,
  title={Are coups good for democracy},
  author={Derpanopoulos, G. and Frantz, E. and Geddes, B. and Wright, J.},
  journal={Research and Politics},
  pages={1--7},
  year={2016},
  publisher={SAGE Publications}
}

@article{devereux1998political,
  title={Political instability, capital taxation, and growth},
  author={Devereux, M.B. and Wen, J.F.},
  journal={European Economic Review},
  volume={42},
  number={9},
  pages={1635--1651},
  year={1998},
  publisher={Elsevier}
}

@article{dixit1996special,
  title={Special-interest lobbying and endogenous commodity taxation},
  author={Dixit, A.},
  journal={Eastern Economic Journal},
  volume={22},
  number={4},
  pages={375--388},
  year={1996},
  publisher={JSTOR}
}

@article{dixit1997common,
  title={Common agency and coordination: General theory and application to government policy making},
  author={Dixit, A. and Grossman, G.M. and Helpman, E.},
  journal={Journal of Political Economy},
  volume={105},
  number={4},
  pages={752--769},
  year={1997},
  publisher={JSTOR}
}

@book{downs1957economic,
  title={An economic theory of democracy},
  author={Downs, A.},
  year={1957},
  publisher={New York: Harper and Row}
}

@article{doyle2011returns,
  title={Returns to Local-Area Health Care Spending: Evidence from Health Shocks to Patients Far From Home},
  author={Doyle, J. and Joseph, J.},
  journal={American Economic Journal: Applied Economics},
  volume={3},
  number={3},
  pages={221--243},
  year={2011},
  publisher={American Economic Association}
}

@article{doyle2010returns,
  title={Returns to physician human capital: Evidence from patients randomized to physician teams},
  author={Doyle Jr, J.J. and Ewer, S.M. and Wagner, T.H.},
  journal={Journal of health economics},
  volume={29},
  number={6},
  pages={866--882},
  year={2010},
  publisher={Elsevier}
}

@article{dranove1994important,
  title={Do important drugs reach the market sooner?},
  author={Dranove, David and Meltzer, David},
  journal={The RAND Journal of Economics},
  pages={402--423},
  year={1994},
  publisher={JSTOR}
}

@article{dube2011coups,
  title={Coups, Corporations, and Classified Information},
  author={Dube, A. and Kaplan, E. and Naidu, S.},
  journal={The Quarterly Journal of Economics},
  volume={126},
  number={3},
  pages={1375--1409},
  year={2011},
  publisher={Oxford University Press}
}

@article{duggan2010effect,
  title={The Effect of Medicare Part D on Pharmaceutical Prices and Utilization},
  author={Duggan, M. and Morton, F.S.},
  journal={American Economic Review},
  volume={100},
  number={1},
  pages={590--607},
  year={2010},
  publisher={American Economic Association}
}

@book{dunning2012natural,
  title={Natural experiments in the social sciences: a design-based approach},
  author={Dunning, Thad},
  year={2012},
  publisher={Cambridge University Press}
}

@incollection{eichner1997health,
  title={Health expenditure persistence and the feasibility of medical savings accounts},
  author={Eichner, M.J. and McClellan, M.B. and Wise, D.A.},
  booktitle={Tax Policy and the Economy, Volume 11},
  pages={91--128},
  year={1997},
  publisher={MIT Press}
}

@article{enders1991causality,
  title={Causality between transnational terrorism and tourism: The case of Spain},
  author={Enders, W. and Sandler, T.},
  journal={Studies in Conflict \& Terrorism},
  volume={14},
  number={1},
  pages={49--58},
  year={1991},
  publisher={Taylor \& Francis}
}

@article{enders1996terrorism,
  title={Terrorism and foreign direct investment in Spain and Greece},
  author={Enders, W. and Sandler, T.},
  journal={Kyklos},
  volume={49},
  number={3},
  pages={331--352},
  year={1996},
  publisher={Wiley Online Library}
}

@article{engelhardt2011medicare,
  title={Medicare Part D and the financial protection of the elderly},
  author={Engelhardt, Gary V and Gruber, Jonathan},
  journal={American Economic Journal: Economic Policy},
  volume={3},
  number={4},
  pages={77--102},
  year={2011},
  publisher={American Economic Association}
}

@article{epple1991mobility,
  title={Mobility and redistribution},
  author={Epple, D. and Romer, T.},
  journal={Journal of Political economy},
  pages={828--858},
  year={1991},
  publisher={JSTOR}
}

@article{fan2007politically,
  title={Politically connected CEOs, corporate governance, and Post-IPO performance of China's newly partially privatized firms},
  author={Fan, J.P.H. and Wong, T.J. and Zhang, T.},
  journal={Journal of financial economics},
  volume={84},
  number={2},
  pages={330--357},
  year={2007},
  publisher={Elsevier}
}

@article{faccio2006political,
  title={Political connections and corporate bailouts},
  author={Faccio, M. and Masulis, R.W. and McConnell, J.},
  journal={The Journal of Finance},
  volume={61},
  number={6},
  pages={2597--2635},
  year={2006},
  publisher={Wiley Online Library}
}

@article{faccio2006politically,
  title={Politically connected firms},
  author={Faccio, M.},
  journal={The American economic review},
  volume={96},
  number={1},
  pages={369--386},
  year={2006},
  publisher={JSTOR}
}

@article{fama1990stock,
  title={Stock returns, expected returns, and real activity},
  author={Fama, Eugene F},
  journal={The journal of finance},
  volume={45},
  number={4},
  pages={1089--1108},
  year={1990},
  publisher={Wiley Online Library}
}

@article{fama1970efficient,
  title={Efficient capital markets: A review of theory and empirical work},
  author={Fama, E.F.},
  journal={The journal of Finance},
  volume={25},
  number={2},
  pages={383--417},
  year={1970},
  publisher={JSTOR}
}

@article{fama1991efficient,
  title={Efficient capital markets: II},
  author={Fama, Eugene F},
  journal={The journal of finance},
  volume={46},
  number={5},
  pages={1575--1617},
  year={1991},
  publisher={Wiley Online Library}
}

@article{fama1998market,
  title={Market efficiency, long-term returns, and behavioral finance},
  author={Fama, E.F.},
  journal={Journal of financial economics},
  volume={49},
  number={3},
  pages={283--306},
  year={1998},
  publisher={Elsevier}
}

@article{feldstein1971hospital,
  title={Hospital cost inflation: A study of nonprofit price dynamics},
  author={Feldstein, M.S.},
  journal={The American Economic Review},
  volume={61},
  number={5},
  pages={853--872},
  year={1971},
  publisher={JSTOR}
}

@article{finkelstein2004static,
  title={Static and dynamic effects of health policy: Evidence from the vaccine industry},
  author={Finkelstein, A.},
  journal={The Quarterly Journal of Economics},
  volume={119},
  number={2},
  pages={527--564},
  year={2004},
  publisher={Oxford University Press}
}

@article{finkelstein2007aggregate,
  title={The Aggregate Effects of Health Insurance: Evidence from the Introduction of Medicare*},
  author={Finkelstein, A.},
  journal={The Quarterly journal of economics},
  volume={122},
  number={1},
  pages={1--37},
  year={2007},
  publisher={MIT Press}
}

@article{finkelstein2008did,
  title={What did Medicare do? The initial impact of Medicare on mortality and out of pocket medical spending},
  author={Finkelstein, Amy and McKnight, Robin},
  journal={Journal of public economics},
  volume={92},
  number={7},
  pages={1644--1668},
  year={2008},
  publisher={Elsevier}
}

@article{finkelstein2011oregon,
  title={The Oregon health insurance experiment: evidence from the first year},
  author={Finkelstein, Amy and Taubman, Sarah and Wright, Bill and Bernstein, Mira and Gruber, Jonathan and Newhouse, Joseph P and Allen, Heidi and Baicker, Katherine and others},
  year={2011},
  institution={National Bureau of Economic Research}
}

@article{fisher2003implicationsp1,
  title={The implications of regional variations in Medicare spending. Part 1: the content, quality, and accessibility of care},
  author={Fisher, E.S. and Wennberg, D.E. and Stukel, T.A. and Gottlieb, D.J. and Lucas, F.L. and Pinder, E.L. and others},
  journal={Annals of internal medicine},
  volume={138},
  number={4},
  pages={273--287},
  year={2003},
  publisher={American College of Physicians}
}

@article{fisher2003implicationsp2,
  title={The implications of regional variations in Medicare spending. Part 2: health outcomes and satisfaction with care.},
  author={Fisher, ES and Wennberg, DE and Stukel, TA and Gottlieb, DJ and Lucas, FL and Pinder, EL and others},
  journal={Annals of internal medicine},
  volume={138},
  number={4},
  pages={288},
  year={2003}
}

@article{fisman2001estimating,
  title={Estimating the value of political connections},
  author={Fisman, R.},
  journal={The American Economic Review},
  volume={91},
  number={4},
  pages={1095--1102},
  year={2001},
  publisher={JSTOR}
}

@article{fisman2006estimating,
  title={Estimating the value of connections to Vice-President Cheney},
  author={Fisman, D. and Fisman, R. and Galef, J. and Khurana, R.},
  journal={Unpublished Paper},
  year={2006}
}

@article{fosu1992political,
  title={Political instability and economic growth: evidence from Sub-Saharan Africa},
  author={Fosu, Augustin Kwasi},
  journal={Economic Development and Cultural Change},
  volume={40},
  number={4},
  pages={829--841},
  year={1992},
  publisher={University of Chicago Press}
}

@article{friedman2009incidence,
  title={The incidence of the Medicare prescription drug benefit: using asset prices to assess its impact on drug makers},
  author={Friedman, J.N.},
  journal={Harvard University},
  year={2009}
}

@article{fujiwara2010voting,
  title={Voting technology, political responsiveness, and infant health: evidence from Brazil},
  author={Fujiwara, T.},
  journal={Department of Economics, University of British Columbia. http://grad. econ. ubc. ca/fujiwara/jmp. pdf},
  year={2010}
}

@article{fung2001evaluation,
  title={Evaluation of the Characteristics of Safety Withdrawal of Prescription Drugs from Worldwide Pharmaceutical Markets-1960 to 1999*},
  author={Fung, Man and Thornton, Anna and Mybeck, Kathy and Wu, Jasmanda Hsiao-hui and Hornbuckle, Ken and Muniz, Edmundo},
  journal={Drug Information Journal},
  volume={35},
  number={1},
  pages={293--317},
  year={2001},
  publisher={SAGE Publications}
}

@article{gan2006health,
  title={Health shocks, village elections, and long-term income: evidence from rural China},
  author={Gan, L. and Xu, L.C. and Yao, Y.},
  year={2006},
  institution={National Bureau of Economic Research}
}

@incollection{garber1998persistence,
  title={Persistence of Medicare Expenditures among Elderly Beneficiaries},
  author={Garber, A.M. and MaCurdy, T.E. and McClellan, M.B.},
  booktitle={Frontiers in Health Policy Research, volume 1},
  pages={153--180},
  year={1998},
  publisher={MIT}
}

@article{gawande2000protection,
  title={Is protection for sale? Evidence on the Grossman-Helpman theory of endogenous protection},
  author={Gawande, K. and Bandyopadhyay, U.},
  journal={Review of Economics and Statistics},
  volume={82},
  number={1},
  pages={139--152},
  year={2000},
  publisher={MIT Press}
}

@article{gersen2008deadlines,
  title={Deadlines in Administrative Law},
  author={Gersen, Jacob and Joseph O'Connell, Anne},
  journal={University of Pennsylvania Law Review},
  year={2008}
}

@article{girardi2018institution,
  title={Institution shocks and economic outcomes: Allende's election, Pinochet's coup and the Santiago stock market},
  author={Girardi, Daniele and Bowles, Samuel},
  journal={Journal of Development Economics},
  volume={134},
  pages={16--27},
  year={2018},
  publisher={Elsevier}
}

@article{glied2008technological,
  title={Technological innovation and inequality in health},
  author={Glied, Sherry and Lleras-Muney, Adriana},
  journal={Demography},
  volume={45},
  number={3},
  pages={741--761},
  year={2008},
  publisher={Springer}
}

@article{goldberg1999protection,
  title={Protection for Sale: An Empirical Investigation},
  author={Goldberg, P.K. and Maggi, G.},
  journal={American Economic Review},
  pages={1135--1155},
  year={1999},
  publisher={JSTOR}
}

@article{goldman2002can,
  title={Can patient self-management help explain the SES health gradient?},
  author={Goldman, Dana P and Smith, James P},
  journal={Proceedings of the National Academy of Sciences},
  volume={99},
  number={16},
  pages={10929--10934},
  year={2002},
  publisher={National Acad Sciences}
}

@article{goldman2009politically,
  title={Do politically connected boards affect firm value?},
  author={Goldman, E. and Rocholl, J. and So, J.},
  journal={Review of Financial Studies},
  volume={22},
  number={6},
  pages={2331--2360},
  year={2009},
  publisher={Soc Financial Studies}
}

@article{groseclose1996buying,
  title={Buying supermajorities},
  author={Groseclose, T. and Snyder Jr, J.M.},
  journal={American Political Science Review},
  pages={303--315},
  year={1996},
  publisher={JSTOR}
}

@article{grossman1994protection,
  title={Protection for Sale},
  author={Grossman, G.M. and Helpman, E.},
  journal={The American Economic Review},
  pages={833--850},
  year={1994},
  publisher={JSTOR}
}

@book{grossman2002special,
  title={Special interest politics},
  author={Grossman, G.M. and Helpman, E.},
  year={2002},
  publisher={The MIT Press}
}

@article{gruber1997consumption,
  title={The Consumption Smoothing Benefits of Unemployment Insurance},
  author={Gruber, Jonathan},
  journal={The American Economic Review},
  volume={87},
  number={1},
  pages={192--205},
  year={1997}
}

@article{guidolin2007diamonds,
  title={Diamonds Are Forever, Wars Are Not: Is Conflict Bad for Private Firms?},
  author={Guidolin, M. and La Ferrara, E.},
  journal={The American Economic Review},
  volume={97},
  number={5},
  pages={1978--1993},
  year={2007},
  publisher={JSTOR}
}

@book{gupta1990economics,
  title={The economics of political violence: The effect of political instability on economic growth},
  author={Gupta, Dipak K},
  year={1990},
  publisher={Praeger}
}

@article{haber2011natural,
  title={Do Natural Resources Fuel Authoritarianism? A Reappraisal of the Resource Curse},
  author={Haber, S. and Menaldo, V.},
  journal={American Political Science Review},
  volume={105},
  number={01},
  pages={1--26},
  year={2011}
}

@article{hadley2011medical,
  title={Medical Spending and the Health of the Elderly},
  author={Hadley, J. and Waidmann, T. and Zuckerman, S. and Berenson, R.A.},
  journal={Health services research},
  year={2011},
  publisher={Wiley Online Library}
}

@article{heisler2004health,
  title={The health effects of restricting prescription medication use because of cost},
  author={Heisler, Michele and Langa, Kenneth M and Eby, Elizabeth L and Fendrick, A Mark and Kabeto, Mohammed U and Piette, John D},
  journal={Medical care},
  volume={42},
  number={7},
  pages={626--634},
  year={2004},
  publisher={LWW}
}

@article{hesketh1997health,
  title={Health in China. The healthcare market.},
  author={Hesketh, T. and Zhu, W.X.},
  journal={BMJ: British Medical Journal},
  volume={314},
  number={7094},
  pages={1616},
  year={1997},
  publisher={BMJ Group}
}

@article{ho2006effect,
  title={Effect of medication nonadherence on hospitalization and mortality among patients with diabetes mellitus},
  author={Ho, P Michael and Rumsfeld, John S and Masoudi, Frederick A and McClure, David L and Plomondon, Mary E and Steiner, John F and Magid, David J},
  journal={Archives of internal medicine},
  volume={166},
  number={17},
  pages={1836},
  year={2006},
  publisher={Am Med Assoc}
}

@article{husted1997effect,
  title={The Effect of the Expansion of the Voting Franchise on the Size of Government},
  author={Husted, T.A. and Kenny, L.W.},
  journal={Journal of Political Economy},
  pages={54--82},
  year={1997},
  publisher={JSTOR}
}

@article{hwang2001out,
  title={Out-of-pocket medical spending for care of chronic conditions},
  author={Hwang, W. and Weller, W. and Ireys, H. and Anderson, G.},
  journal={Health Affairs},
  volume={20},
  number={6},
  pages={267--278},
  year={2001},
  publisher={Health Affairs}
}

@article{igan2011fistful,
  title={A fistful of dollars: Lobbying and the financial crisis},
  author={Igan, D. and Mishra, P. and Tressel, T.},
  year={2011},
  institution={National Bureau of Economic Research}
}

@article{irshad2017relationship,
  title={Relationship among political instability, stock market returns and stock market volatility},
  author={Irshad, Hira},
  journal={Studies in business and economics},
  volume={12},
  number={2},
  pages={70--99},
  year={2017},
  publisher={Sciendo}
}

@article{jayachandran2006jeffords,
  title={The Jeffords Effect*},
  author={Jayachandran, S.},
  journal={Journal of Law and Economics},
  volume={49},
  number={2},
  pages={397--425},
  year={2006},
  publisher={JSTOR}
}

@article{jensen2005market,
  title={Market Responses to Politics The Rise of Lula and the Decline of the Brazilian Stock Market},
  author={Jensen, Nathan M and Schmith, Scott},
  journal={Comparative Political Studies},
  volume={38},
  number={10},
  pages={1245--1270},
  year={2005},
  publisher={Sage Publications}
}

@article{johnson2003cronyism,
  title={Cronyism and capital controls: evidence from Malaysia},
  author={Johnson, S. and Mitton, T.},
  journal={Journal of Financial Economics},
  volume={67},
  number={2},
  pages={351--382},
  year={2003},
  publisher={Elsevier}
}

@book{johnson201113,
  title={13 bankers: the Wall Street takeover and the next financial meltdown},
  author={Johnson, S.},
  year={2011},
  publisher={Vintage}
}

@article{jones2005leaders,
  title={Do leaders matter? National leadership and growth since World War II},
  author={Jones, B.F. and Olken, B.A.},
  journal={The Quarterly Journal of Economics},
  volume={120},
  number={3},
  pages={835--864},
  year={2005},
  publisher={Oxford University Press}
}

@article{jones2009hit,
  title={Hit or miss? The effect of assassinations on institutions and war},
  author={Jones, B.F. and Olken, B.A.},
  journal={American Economic Journal: Macroeconomics},
  pages={55--87},
  year={2009},
  publisher={JSTOR}
}

@article{jong2009measurement,
  title={On the measurement of political instability and its impact on economic growth},
  author={Jong-A-Pin, Richard},
  journal={European Journal of Political Economy},
  volume={25},
  number={1},
  pages={15--29},
  year={2009},
  publisher={Elsevier}
}

@book{joseph1993free,
  title={Free for all?: lessons from the RAND health insurance experiment},
  author={Joseph P. Newhouse and Rand Corporation. Insurance Experiment Group},
  year={1993},
  publisher={Harvard University Press}
}

@article{kaestner2010medicare,
  title={Medicare part D and its effect on the use of prescription drugs, use of other health care services and health of the elderly},
  author={Kaestner, Robert and Khan, Nasreen},
  year={2010},
  institution={National Bureau of Economic Research}
}

@article{kaestner2012medicare,
  title={Medicare Part D and Its Effect on the Use of Prescription Drugs and Use of Other Health Care Services of the Elderly},
  author={Kaestner, Robert and Khan, Nasreen},
  journal={Journal of Policy Analysis and Management},
  year={2012},
  publisher={Wiley Online Library}
}

@article{karabarbounis2011one,
  title={One Dollar, One Vote*},
  author={Karabarbounis, L.},
  journal={The Economic Journal},
  volume={121},
  number={553},
  pages={621--651},
  year={2011},
  publisher={Wiley Online Library}
}

@article{ketcham2008medicare,
  title={Medicare Part D's effects on elderly patients' drug costs and utilization.},
  author={Ketcham, JD and Simon, KI and others},
  journal={The American journal of managed care},
  volume={14},
  number={11 Suppl},
  pages={SP14},
  year={2008}
}

@article{khwaja2005lenders,
  title={Do lenders favor politically connected firms? Rent provision in an emerging financial market},
  author={Khwaja, A.I. and Mian, A.},
  journal={The Quarterly Journal of Economics},
  volume={120},
  number={4},
  pages={1371--1411},
  year={2005},
  publisher={Oxford University Press}
}

@article{knight2006policy,
  title={Are policy platforms capitalized into equity prices? Evidence from the Bush/Gore 2000 presidential election},
  author={Knight, B.},
  journal={Journal of Public Economics},
  volume={90},
  number={4},
  pages={751--773},
  year={2006},
  publisher={Elsevier}
}

@article{koepke2019drives,
  title={What drives capital flows to emerging markets? A survey of the empirical literature},
  author={Koepke, Robin},
  journal={Journal of Economic Surveys},
  volume={33},
  number={2},
  pages={516--540},
  year={2019},
  publisher={Wiley Online Library}
}

@article{kohn2012dynamics,
  title={The Dynamics of Medical Care Use in the British Household Panel Survey},
  author={Kohn, J.L. and Liu, J.S.},
  journal={Health Economics},
  year={2012},
  publisher={Wiley Online Library}
}

@article{kolstad2010impact,
  title={The impact of health care reform on hospital and preventive care: Evidence from massachusetts},
  author={Kolstad, Jonathan T and Kowalski, Amanda E},
  year={2010},
  institution={National Bureau of Economic Research}
}

@book{laffont1993theory,
  title={A theory of incentives in procurement and regulation},
  author={Laffont, J.J. and Tirole, J.},
  year={1993},
  publisher={the MIT Press}
}
@article{lakdawalla2009insurer,
  title={Insurer Bargaining and Negotiated Drug Prices in Medicare Part D},
  author={Lakdawalla, Darius and Yin, Wesley},
  year={2009},
  institution={National Bureau of Economic Research}
}

@article{lasser2002timing,
  title={Timing of new black box warnings and withdrawals for prescription medications},
  author={Lasser, Karen E and Allen, Paul D and Woolhandler, Steffie J and Himmelstein, David U and Wolfe, Sidney M and Bor, David H},
  journal={JAMA: the journal of the American Medical Association},
  volume={287},
  number={17},
  pages={2215--2220},
  year={2002},
  publisher={Am Med Assoc}
}

@article{le2006political,
  title={Political risk and capital flight},
  author={Le, Quan Vu and Zak, Paul J},
  journal={Journal of International Money and Finance},
  volume={25},
  number={2},
  pages={308--329},
  year={2006},
  publisher={Elsevier}
}

@article{lehkonen2015democracy,
  title={Democracy, political risks and stock market performance},
  author={Lehkonen, Heikki and Heimonen, Kari},
  journal={Journal of International Money and Finance},
  volume={59},
  pages={77--99},
  year={2015},
  publisher={Elsevier}
}

@article{boutchkova2012precarious,
  title={Precarious politics and return volatility},
  author={Boutchkova, Maria and Doshi, Hitesh and Durnev, Art and Molchanov, Alexander},
  journal={The Review of Financial Studies},
  volume={25},
  number={4},
  pages={1111--1154},
  year={2012},
  publisher={Society for Financial Studies}
}

@article{lensink2000capital,
  title={Capital flight and political risk},
  author={Lensink, Robert and Hermes, Niels and Murinde, Victor},
  journal={Journal of international Money and Finance},
  volume={19},
  number={1},
  pages={73--92},
  year={2000},
  publisher={Elsevier}
}

@article{leblang2004presidential,
  title={Presidential elections and the stock market: comparing Markov-switching and Fractionally Integrated GARCH models of volatility},
  author={Leblang, David and Mukherjee, Bumba},
  journal={Political Analysis},
  volume={12},
  number={3},
  pages={296--322},
  year={2004},
  publisher={SPM-PMSAPSA}
}

@article{leblang2005government,
  title={Government partisanship, elections, and the stock market: examining American and British stock returns, 1930--2000},
  author={Leblang, David and Mukherjee, Bumba},
  journal={American Journal of Political Science},
  volume={49},
  number={4},
  pages={780--802},
  year={2005},
  publisher={Wiley Online Library}
}

@article{lee2004voters,
  title={Do voters affect or elect policies? Evidence from the US House},
  author={Lee, D.S. and Moretti, E. and Butler, M.J.},
  journal={The Quarterly Journal of Economics},
  volume={119},
  number={3},
  pages={807--859},
  year={2004},
  publisher={Oxford University Press}
}

@article{lee2006effect,
  title={Effect of a pharmacy care program on medication adherence and persistence, blood pressure, and low-density lipoprotein cholesterol},
  author={Lee, Jeannie K and Grace, Karen A and Taylor, Allen J},
  journal={JAMA: the journal of the American Medical Association},
  volume={296},
  number={21},
  pages={2563--2571},
  year={2006},
  publisher={Am Med Assoc}
}

@article{lee2009armed,
  title={The armed forces and transitions from authoritarian rule: Explaining the role of the military in 1986 Philippines and 1998 Indonesia},
  author={Lee, Terence},
  journal={Comparative Political Studies},
  volume={42},
  number={5},
  pages={640--669},
  year={2009},
  publisher={Sage Publications Sage CA: Los Angeles, CA}
}

@article{levitt1996senators,
  title={How do senators vote? Disentangling the role of voter preferences, party affiliation, and senator ideology},
  author={Levitt, S.D.},
  journal={The American Economic Review},
  pages={425--441},
  year={1996},
  publisher={JSTOR}
}

@article{levy2008impact,
  title={The impact of health insurance on health},
  author={Levy, Helen and Meltzer, David},
  journal={Annu. Rev. Public Health},
  volume={29},
  pages={399--409},
  year={2008},
  publisher={Annual Reviews}
}

@article{levy2009take,
  title={Take-up of Medicare Part D: results from the Health and Retirement Study},
  author={Levy, Helen and Weir, David},
  year={2009},
  institution={National Bureau of Economic Research}
}

@article{lichtenberg2007impact,
  title={The impact of new drugs on US longevity and medical expenditure, 1990-2003: Evidence from longitudinal, disease-level data},
  author={Lichtenberg, F.R.},
  journal={The American economic review},
  volume={97},
  number={2},
  pages={438--443},
  year={2007},
  publisher={JSTOR}
}

@article{liu2015economic,
  title={Economic policy uncertainty and stock market volatility},
  author={Liu, Li and Zhang, Tao},
  journal={Finance Research Letters},
  volume={15},
  pages={99--105},
  year={2015},
  publisher={Elsevier}
}

@article{lijphart1997unequal,
  title={Unequal participation: democracy's unresolved dilemma},
  author={Lijphart, A.},
  journal={American Political Science Review},
  pages={1--14},
  year={1997},
  publisher={JSTOR}
}

@article{link1995social,
  title={Social conditions as fundamental causes of disease},
  author={Link, B.G. and Phelan, J.},
  journal={Journal of health and social behavior},
  pages={80--94},
  year={1995},
  publisher={JSTOR}
}

@article{liu2011impact,
  title={The Impact of Medicare Part D on Out-of-Pocket Costs for Prescription Drugs, Medication Utilization, Health Resource Utilization, and Preference-Based Health Utility},
  author={Liu, Frank Xiaoqing and Alexander, G Caleb and Crawford, Stephanie Y and Pickard, A Simon and Hedeker, Donald and Walton, Surrey M},
  journal={Health services research},
  volume={46},
  number={4},
  pages={1104--1123},
  year={2011},
  publisher={Wiley Online Library}
}

@article{londregan1990poverty,
  title={Poverty, the coup trap, and the seizure of executive power},
  author={Londregan, J.B. and Poole, K.T.},
  journal={World Politics},
  volume={42},
  number={02},
  pages={151--183},
  year={1990},
  publisher={Cambridge Univ Press}
}

@article{lynch2003cohort,
  title={Cohort and life-course patterns in the relationship between education and health: A hierarchical approach},
  author={Lynch, S.M.},
  journal={Demography},
  volume={40},
  number={2},
  pages={309--331},
  year={2003},
  publisher={Springer}
}

@article{mackinlay1997event,
  title={Event studies in economics and finance},
  author={MacKinlay, A.C.},
  journal={Journal of economic literature},
  volume={35},
  number={1},
  pages={13--39},
  year={1997},
  publisher={JSTOR}
}

@article{maddala1999comparative,
  title={A comparative study of unit root tests with panel data and a new simple test},
  author={Maddala, G.S. and Wu, S.},
  journal={Oxford Bulletin of Economics and statistics},
  volume={61},
  number={S1},
  pages={631--652},
  year={1999},
  publisher={Wiley Online Library}
}

@article{madden2008cost,
  title={Cost-related medication nonadherence and spending on basic needs following implementation of Medicare Part D},
  author={Madden, Jeanne M and Graves, Amy J and Zhang, Fang and Adams, Alyce S and Briesacher, Becky A and Ross-Degnan, Dennis and Gurwitz, Jerry H and Pierre-Jacques, Marsha and Safran, Dana Gelb and Adler, Gerald S and others},
  journal={JAMA: the journal of the American Medical Association},
  volume={299},
  number={16},
  pages={1922--1928},
  year={2008},
  publisher={Am Med Assoc}
}

@article{maisel2004medical,
  title={Medical device regulation: an introduction for the practicing physician},
  author={Maisel, William H},
  journal={Ann Intern Med},
  volume={140},
  number={4},
  pages={296--302},
  year={2004}
}

@article{manning1987health,
  title={Health insurance and the demand for medical care: evidence from a randomized experiment},
  author={Manning, W.G. and Newhouse, J.P. and Duan, N. and Keeler, E.B. and Leibowitz, A.},
  journal={The American Economic Review},
  pages={251--277},
  year={1987},
  publisher={JSTOR}
}

@article{marinov2014coups,
  title={Coups and democracy},
  author={Marinov, Nikolay and Goemans, Hein},
  journal={British Journal of Political Science},
  volume={44},
  number={4},
  pages={799--825},
  year={2014},
  publisher={Cambridge University Press}
}

@article{martinez2012effects,
  title={The Effects of Democratization on Public Goods and Redistribution: Evidence from China},
  author={Martinez-Bravo, M. and Qian, N. and Yao, Y. and others},
  year={2012},
  institution={National Bureau of Economic Research}
}

@article{mccubbins1984congressional,
  title={Congressional oversight overlooked: Police patrols versus fire alarms},
  author={McCubbins, Mathew D and Schwartz, Thomas},
  journal={American Journal of Political Science},
  pages={165--179},
  year={1984},
  publisher={JSTOR}
}

@article{mccubbins1987administrative,
  title={Administrative procedures as instruments of political control},
  author={McCubbins, M.D. and Noll, R.G. and Weingast, B.R.},
  journal={Journal of Law, Economics, \& Organization},
  pages={243--277},
  year={1987},
  publisher={JSTOR}
}

@article{mccubbins1989structure,
  title={Structure and process, politics and policy: Administrative arrangements and the political control of agencies},
  author={McCubbins, M.D. and Noll, R.G. and Weingast, B.R.},
  journal={Virginia Law Review},
  pages={431--482},
  year={1989},
  publisher={JSTOR}
}

@article{mcgillivray2003redistributive,
  title={Redistributive politics and stock price dispersion},
  author={McGillivray, Fiona},
  journal={British Journal of Political Science},
  volume={33},
  number={3},
  pages={367--395},
  year={2003},
  publisher={Cambridge University Press}
}

@article{mcknight2006home,
  title={Home care reimbursement, long-term care utilization, and health outcomes},
  author={McKnight, R.},
  journal={Journal of Public Economics},
  volume={90},
  number={1},
  pages={293--323},
  year={2006},
  publisher={Elsevier}
}

@article{meltzer1981rational,
  title={A rational theory of the size of government},
  author={Meltzer, A.H. and Richard, S.F.},
  journal={The Journal of Political Economy},
  pages={914--927},
  year={1981},
  publisher={JSTOR}
}

@article{meyersson2016political,
  title={Political man on horseback: coups and development},
  author={Meyersson, Erik},
  journal={Stockholm Institute for Transition Economics (SITE)},
  volume={5},
  year={2016}
}

@article{mian2010Apolitical,
  title={The political economy of the US mortgage default crisis},
  author={Mian, A. and Sufi, A. and Trebbi, F.},
  journal={American Economic Review},
  year={2010},
  volume={100},
  number={5},
  pages={1967--1998},
  institution={National Bureau of Economic Research}
}

@article{mian2010Bpolitical,
  title={The political economy of the subprime mortgage credit expansion},
  author={Mian, A. and Sufi, A. and Trebbi, F.},
  year={2010},
  institution={National Bureau of Economic Research}
}

@article{milanovic2000median,
  title={The median-voter hypothesis, income inequality, and income redistribution: an empirical test with the required data},
  author={Milanovic, B.},
  journal={European Journal of Political Economy},
  volume={16},
  number={3},
  pages={367--410},
  year={2000},
  publisher={Elsevier}
}

@article{miller2008women,
  title={Women's suffrage, political responsiveness, and child survival in American history},
  author={Miller, G.},
  journal={The quarterly journal of economics},
  volume={123},
  number={3},
  pages={1287--1327},
  year={2008},
  publisher={Oxford University Press}
}

@article{millett2010impact,
  title={Impact of Medicare Part D on seniors' out-of-pocket expenditures on medications},
  author={Millett, Christopher and Everett, Charles J and Matheson, Eric M and Bindman, Andrew B and Mainous III, Arch G},
  journal={Archives of internal medicine},
  volume={170},
  number={15},
  pages={1325},
  year={2010},
  publisher={Am Med Assoc}
}

@article{mitchell2000managerial,
  title={Managerial Decisions and Long-Term Stock Price Performance*},
  author={Mitchell, M.L. and Stafford, E.},
  journal={The Journal of Business},
  volume={73},
  number={3},
  pages={287--329},
  year={2000},
  publisher={JSTOR}
}

@article{mitra1999endogenous,
  title={Endogenous lobby formation and endogenous protection: a long-run model of trade policy determination},
  author={Mitra, D.},
  journal={American Economic Review},
  pages={1116--1134},
  year={1999},
  publisher={JSTOR}
}

@article{mitton2002cross,
  title={A cross-firm analysis of the impact of corporate governance on the East Asian financial crisis},
  author={Mitton, Todd},
  journal={Journal of financial economics},
  volume={64},
  number={2},
  pages={215--241},
  year={2002},
  publisher={Elsevier}
}

@article{monheit2003persistence,
  title={Persistence in health expenditures in the short run: prevalence and consequences},
  author={Monheit, A.C.},
  journal={Medical Care},
  volume={41},
  number={7},
  pages={III},
  year={2003}
}

@article{montaner2001industry,
  title={Industry-sponsored clinical research: a double-edged sword},
  author={Montaner, J.S.G. and O'Shaughnessy, M.V. and Schechter, M.T.},
  journal={The Lancet},
  volume={358},
  number={9296},
  pages={1893--1895},
  year={2001},
  publisher={Elsevier}
}

@article{mulligan2004democracies,
  title={Do Democracies Have Different Public Policies than Nondemocracies?},
  author={Mulligan, C.B. and Gil, R. and Sala-i-Martin, X.},
  journal={Journal of Economic Perspectives},
  pages={51--74},
  year={2004},
  publisher={JSTOR}
}

@article{nardinelli359daniel,
  title={Daniel Carpenter. 2008.Drug Review Deadlines and Safety Problems [Correspondence]},
  author={Nardinelli, Clark and Lanthier, Michael and Temple, Robert},
  journal={New England Journal of Medicine},
  volume={359},
  year={2008},
  pages={95--98}
}

@article{needler1966political,
  title={Political development and military intervention in Latin America},
  author={Needler, M.C.},
  journal={The American Political Science Review},
  volume={60},
  number={3},
  pages={616--626},
  year={1966},
  publisher={JSTOR}
}

@article{neuman2007medicare,
  title={Medicare prescription drug benefit progress report: findings from a 2006 national survey of seniors},
  author={Neuman, Patricia and Strollo, Michelle Kitchman and Guterman, Stuart and Rogers, William H and Li, Angela and Rodday, Angie Mae C and Safran, Dana Gelb},
  journal={Health Affairs},
  volume={26},
  number={5},
  pages={w630--w643},
  year={2007},
  publisher={Health Affairs}
}

@article{newhouse1992medical,
  title={Medical care costs: how much welfare loss?},
  author={Newhouse, J.P.},
  journal={The Journal of Economic Perspectives},
  pages={3--21},
  year={1992},
  publisher={JSTOR}
}

@book{newhouse2004pricing,
  title={Pricing the priceless: a health care conundrum},
  author={Newhouse, J.P.},
  volume={2},
  year={2004},
  publisher={MIT Press}
}

@article{nichols2004market,
  title={Are market forces strong enough to deliver efficient health care systems? Confidence is waning},
  author={Nichols, L.M. and Ginsburg, P.B. and Berenson, R.A. and Christianson, J. and Hurley, R.E.},
  journal={Health Affairs},
  volume={23},
  number={2},
  pages={8--21},
  year={2004},
  publisher={Health Affairs}
}

@article{north1989constitutions,
  title={Constitutions and commitment: the evolution of institutions governing public choice in seventeenth-century England},
  author={North, Douglass C and Weingast, Barry R},
  journal={The journal of economic history},
  volume={49},
  number={4},
  pages={803--832},
  year={1989},
  publisher={Cambridge University Press}
}

@article{obstfeld2012financial,
  title={Financial flows, financial crises, and global imbalances},
  author={Obstfeld, Maurice},
  journal={Journal of International Money and Finance},
  volume={31},
  number={3},
  pages={469--480},
  year={2012},
  publisher={Elsevier}
}

@book{olson1971logic,
  title={The logic of collective action: Public goods and the theory of groups},
  author={Olson, M.},
  volume={124},
  year={1971},
  publisher={Harvard Univ Pr}
}

@article{olson1997firm,
  title={Firm characteristics and the speed of FDA approval},
  author={Olson, Mary K},
  journal={Journal of economics \& management strategy},
  volume={6},
  number={1},
  pages={377--401},
  year={1997},
  publisher={Wiley Online Library}
}

@article{ong2009looking,
  title={Looking Forward, Looking Back Assessing Variations in Hospital Resource Use and Outcomes for Elderly Patients With Heart Failure},
  author={Ong, M.K. and Mangione, C.M. and Romano, P.S. and Zhou, Q. and Auerbach, A.D. and Chun, A. and Davidson, B. and Ganiats, T.G. and Greenfield, S. and Gropper, M.A. and others},
  journal={Circulation: Cardiovascular Quality and Outcomes},
  volume={2},
  number={6},
  pages={548--557},
  year={2009},
  publisher={Am Heart Assoc}
}

@article{overholt1986rise,
  title={The rise and fall of Ferdinand Marcos},
  author={Overholt, William H},
  journal={Asian Survey},
  volume={26},
  number={11},
  pages={1137--1163},
  year={1986},
  publisher={JSTOR}
}


@article{paez2009rising,
  title={Rising out-of-pocket spending for chronic conditions: a ten-year trend},
  author={Paez, K.A. and Zhao, L. and Hwang, W.},
  journal={Health Affairs},
  volume={28},
  number={1},
  pages={15--25},
  year={2009},
  publisher={Health Affairs}
}

@article{panagariya1993political,
  title={Political-Economy Arguments for a Uniform Tariff},
  author={Panagariya, A. and Rodrik, D.},
  journal={International Economic Review},
  pages={685--703},
  year={1993},
  publisher={JSTOR}
}

@phdthesis{pang2010bayesian,
  title={Bayesian multilevel analysis of binary time-series cross-sectional data in political economy},
  author={Pang, X.},
  year={2010},
  school={WASHINGTON UNIVERSITY IN ST. LOUIS}
}

@article{pauly1991plan,
  title={A plan for responsible national health insurance},
  author={Pauly, M.V. and Danzon, P. and Feldstein, P. and Hoff, J.},
  journal={Health Affairs},
  volume={10},
  number={1},
  pages={5--25},
  year={1991},
  publisher={Project HOPE-The People-to-People Health Foundation, Inc.}
}

@article{pauly2004medicare,
  title={Medicare drug coverage and moral hazard},
  author={Pauly, Mark V},
  journal={Health Affairs},
  volume={23},
  number={1},
  pages={113--122},
  year={2004},
  publisher={Health Affairs}
}

@article{peltzman1976toward,
  title={Toward a More General Theory of Regulation},
  author={Peltzman, S.},
  journal={Journal of Law and Economics},
  volume={19},
  number={2},
  pages={211--240},
  year={1976},
  publisher={JSTOR}
}

@article{peltzman1984constituent,
  title={Constituent interest and congressional voting},
  author={Peltzman, S.},
  journal={JL \& Econ.},
  volume={27},
  pages={181},
  year={1984},
  publisher={HeinOnline}
}

@book{petris2009dynamic,
  title={Dynamic linear models with R},
  author={Petris, Giovanni and Campagnoli, Patrizia and Petrone, Sonia},
  year={2009},
  publisher={Springer}
}

@article{poole1985spatial,
  title={A spatial model for legislative roll call analysis},
  author={Poole, K.T. and Rosenthal, H.},
  journal={American Journal of Political Science},
  pages={357--384},
  year={1985},
  publisher={JSTOR}
}

@book{poole2000congress,
  title={Congress: A political-economic history of roll call voting},
  author={Poole, K.T. and Rosenthal, H.},
  year={2000},
  publisher={Oxford University Press, USA}
}

@book{poole2007ideology,
  title={Ideology and congress},
  author={Poole, K.T. and Rosenthal, H.},
  year={2007},
  publisher={Transaction Pub}
}

@article{powell2011global,
  title={Global instances of coups from 1950 to 2010: A new dataset},
  author={Powell, Jonathan M and Thyne, Clayton L},
  journal={Journal of Peace Research},
  volume={48},
  number={2},
  pages={249--259},
  year={2011},
  publisher={Sage Publications Sage UK: London, England}
}

@article{przeworski1982structure,
  title={The structure of class conflict in democratic capitalist societies},
  author={Przeworski, Adam and Wallerstein, Michael},
  journal={American Political Science Review},
  volume={76},
  number={2},
  pages={215--238},
  year={1982},
  publisher={Cambridge University Press}
}

@incollection{radelet2000onset,
  title={The onset of the East Asian financial crisis},
  author={Radelet, Steven and Sachs, Jeffrey D},
  booktitle={Currency crises},
  pages={105--162},
  year={2000},
  publisher={University of Chicago Press}
}

@article{ramsay2011revisiting,
  title={Revisiting the Resource Curse: Natural Disasters, the Price of Oil, and Democracy},
  author={Ramsay, K.W.},
  journal={International Organization},
  volume={65},
  number={03},
  pages={507--529},
  year={2011},
  publisher={Cambridge Univ Press}
}

@article{rasell1993impact,
  title={The impact of health care financing on family budgets},
  author={Rasell, E. and Bernstein, J. and Tang, K.},
  journal={Challenge},
  pages={12--20},
  year={1993},
  publisher={JSTOR}
}

@article{roe2011political,
  title={Political instability: Effects on financial development, roots in the severity of economic inequality},
  author={Roe, M.J. and Siegel, J.I.},
  journal={Journal of Comparative Economics},
  year={2011},
  publisher={Elsevier}
}

@article{roemer1999democratic,
  title={The democratic political economy of progressive income taxation},
  author={Roemer, J.E.},
  journal={Econometrica},
  volume={67},
  number={1},
  pages={1--19},
  year={1999},
  publisher={Wiley Online Library}
}

@article{romley2011hospital,
  title={Hospital spending and inpatient mortality: evidence from California: an observational study},
  author={Romley, J.A. and Jena, A.B. and Goldman, D.P.},
  journal={Annals of internal medicine},
  volume={154},
  number={3},
  pages={160--167},
  year={2011}
}

@article{sarkar2006market,
  title={Market response to FDA announcements},
  author={Sarkar, Salil K and de Jong, Pieter J},
  journal={The Quarterly Review of Economics and Finance},
  volume={46},
  number={4},
  pages={586--597},
  year={2006},
  publisher={Elsevier}
}

@article{schwert1981using,
  title={Using financial data to measure effects of regulation},
  author={Schwert, G.W.},
  journal={Journal of law and Economics},
  volume={24},
  number={1},
  pages={121--158},
  year={1981},
  publisher={JSTOR}
}

@article{skinner2011causes,
  title={Causes and consequences of regional variations in health care},
  author={Skinner, J.},
  journal={Handbook of Health Economics},
  volume={2},
  pages={45--93},
  year={2011},
  publisher={North Holland}
}

@article{silber2010aggressive,
  title={Aggressive treatment style and surgical outcomes},
  author={Silber, J.H. and Kaestner, R. and Even-Shoshan, O. and Wang, Y. and Bressler, L.J.},
  journal={Health services research},
  volume={45},
  number={6p2},
  pages={1872--1892},
  year={2010},
  publisher={Wiley Online Library}
}

@article{shon2010stock,
  title={Do Stock Returns Vary with Campaign Contributions? Bush vs. Gore: The Florida Recount},
  author={Shon, J.J.},
  journal={Economics \& Politics},
  volume={22},
  number={3},
  pages={257--281},
  year={2010},
  publisher={Wiley Online Library}
}

@article{sokol2005impact,
  title={Impact of medication adherence on hospitalization risk and healthcare cost},
  author={Sokol, Michael C and McGuigan, Kimberly A and Verbrugge, Robert R and Epstein, Robert S},
  journal={Medical care},
  volume={43},
  number={6},
  pages={521--530},
  year={2005},
  publisher={LWW}
}

@article{stigler1971theory,
  title={The theory of economic regulation},
  author={Stigler, G.J.},
  journal={The Bell journal of economics and management science},
  pages={3--21},
  year={1971},
  publisher={JSTOR}
}

@article{svensson1998investment,
  title={Investment, property rights and political instability: Theory and evidence},
  author={Svensson, J.},
  journal={European Economic Review},
  volume={42},
  number={7},
  pages={1317--1341},
  year={1998},
  publisher={Elsevier}
}

@article{taleb2011black,
  title={Black Swan of Cairo: How Suppressing Volatility Makes the World Less Predictable and More Dangerous, The},
  author={Taleb, Nassim Nicholas and Blyth, Mark},
  journal={Foreign Aff.},
  volume={90},
  pages={33},
  year={2011},
  publisher={HeinOnline}
}

@article{tamblyn2001adverse,
  title={Adverse events associated with prescription drug cost-sharing among poor and elderly persons},
  author={Tamblyn, Robyn and Laprise, Rejean and Hanley, James A and Abrahamowicz, Michael and Scott, Susan and Mayo, Nancy and Hurley, Jerry and Grad, Roland and Latimer, Eric and Perreault, Robert and others},
  journal={JAMA: the journal of the American Medical Association},
  volume={285},
  number={4},
  pages={421--429},
  year={2001},
  publisher={Am Med Assoc}
}

@article{thyne2016coup,
  title={Coup d?{\'e}tat or Coup d'Autocracy? How Coups Impact Democratization, 1950--2008},
  author={Thyne, Clayton L and Powell, Jonathan M},
  journal={Foreign Policy Analysis},
  volume={12},
  number={2},
  pages={192--213},
  year={2016},
  publisher={Oxford University Press}
}

@article{traywick2014,
  title={Shoes, Jewels, and Monets: The Immense Ill-Gotten Wealth of Imelda Marcos},
  author={Traywick, Catherine},
  journal={Foreign Policy},
  year = {2014}
}

@article{varol2011democratic,
  title={The democratic coup d?{\'e}tat},
  author={Varol, Ozan O},
  journal={Harvard Journal of International Law},
  year={2011}
}

@article{venieris1986income,
  title={Income distribution and sociopolitical instability as determinants of savings: a cross-sectional model},
  author={Venieris, Yiannis P and Gupta, Dipak K},
  journal={Journal of Political Economy},
  volume={94},
  number={4},
  pages={873--883},
  year={1986},
  publisher={The University of Chicago Press}
}

@article{villegas1987philippines,
  title={The Philippines in 1986: Democratic Reconstruction in the Post-Marcos Era},
  author={Villegas, Bernardo M},
  journal={Asian Survey},
  volume={27},
  number={2},
  pages={194--205},
  year={1987},
  publisher={JSTOR}
}

@article{wagstaff2008measuring,
  title={Measuring financial protection in health},
  author={Wagstaff, A.},
  journal={World Bank Policy Research Working Paper Series, Vol},
  year={2008}
}

@article{waters2004measuring,
  title={Measuring financial protection in health in the United States},
  author={Waters, H.R. and Anderson, G.F. and Mays, J.},
  journal={Health Policy},
  volume={69},
  number={3},
  pages={339--349},
  year={2004},
  publisher={Elsevier}
}

@article{wagstaff2009extending,
  title={Extending health insurance to the rural population: An impact evaluation of China's new cooperative medical scheme},
  author={Wagstaff, A. and Lindelow, M. and Jun, G. and Ling, X. and Juncheng, Q.},
  journal={Journal of health economics},
  volume={28},
  number={1},
  pages={1--19},
  year={2009},
  publisher={Elsevier}
}

@article{weber1947theory,
  title={The theory of social and economic organization, 1st Amer},
  author={Weber, Max and Henderson, Alexander Morell and Parsons, Talcott},
  year={1947},
  publisher={Oxford University Press}
}

@book{wipr2011,
  title={World Investment and Political Risk},
  year={2011},
  publisher={World Bank Group Multilateral Investment Guarantee Agency}
}

@book{wipr2012,
  title={World Investment and Political Risk},
  year={2012},
  publisher={World Bank Group Multilateral Investment Guarantee Agency}
}

@book{wipr2013,
  title={World Investment and Political Risk},
  year={2013},
  publisher={World Bank Group Multilateral Investment Guarantee Agency}
}

@book{wooldridge2002econometric,
  title={Econometric analysis of cross section and panel data},
  author={Wooldridge, J.M.},
  year={2002},
  publisher={The MIT press}
}

@article{wooldridge2010econometric,
  title={Econometric Analysis of Cross Section and Panel Data},
  author={Wooldridge, J.M.},
  journal={MIT Press Books},
  volume={1},
  year={2010},
  publisher={The MIT Press}
}

@article{yin2008effect,
  title={The effect of the Medicare Part D prescription benefit on drug utilization and expenditures},
  author={Yin, Wesley and Basu, Anirban and Zhang, James X and Rabbani, Atonu and Meltzer, David O and Alexander, G Caleb and others},
  journal={Annals of Internal Medicine},
  volume={148},
  number={3},
  pages={169},
  year={2008}
}

@article{zhang2009effect,
  title={The effect of Medicare Part D on drug and medical spending},
  author={Zhang, Yuting and Donohue, Julie M and Lave, Judith R and O'Donnell, Gerald and Newhouse, Joseph P},
  journal={New England Journal of Medicine},
  volume={361},
  number={1},
  pages={52--61},
  year={2009},
  publisher={Mass Medical Soc}
}

@article{zinn2012median,
  title={Median Approval Times For Class III Medical Devices Have Been Well Above Statutory Deadlines Set For FDA And CMS},
  author={Zinn, Annette M and Allen, John C and Hacker, Carl S},
  journal={Health Affairs},
  volume={31},
  number={10},
  pages={2304--2313},
  year={2012},
  publisher={Health Affairs}
}

@article{zuckerman2011medical,
  title={Medical device recalls and the FDA approval process},
  author={Zuckerman, Diana M and Brown, Paul and Nissen, Steven E},
  journal={Archives of internal medicine},
  volume={171},
  number={11},
  pages={1006},
  year={2011},
  publisher={Am Med Assoc}
}
